@book{Torge2001,
  title     = "Geodesy",
  author    = "Torge, Wolfgang",
  publisher = "De Gruyter",
  edition   =  3,
  month     =  may,
  year      =  2001,
  address   = "Berlin, Germany",
  language  = "en"
}
